% This file was created with JabRef 2.10.
% Encoding: Cp1252

@article{Molins14Videogames,
	title={Designing videogames to improve students' motivation},
	author={Molins-Ruano, P and Sevilla, C and Santini, S and Haya, PA and Rodr{\'\i}guez, P and Sacha, GM},
	journal={Computers in Human Behavior},
	volume={31},
	pages={571--579},
	year={2014},
	publisher={Elsevier}
}

@inproceedings{Sevilla12,
	title={Interdisciplinary design of videogames: A highly motivating method of learning.},
	author={Sevilla, C and Santini, S and Haya, PA and Rodriguez, P and Sacha, GM},
	booktitle={Computers in Education (SIIE), 2012 International Symposium on},
	pages={1--6},
	year={2012},
	organization={IEEE}
}

@Article{Boehm86,
  Title                    = {A Spiral Model of Software Development and Enhancement},
  Author                   = {Boehm, B},
  Journal                  = {SIGSOFT Softw. Eng. Notes},
  Year                     = {1986},

  Month                    = aug,
  Number                   = {4},
  Pages                    = {14--24},
  Volume                   = {11},

  Acmid                    = {12948},
  Address                  = {New York, NY, USA},
  Doi                      = {10.1145/12944.12948},
  ISSN                     = {0163-5948},
  Issue_date               = {August 1986},
  Numpages                 = {11},
  Publisher                = {ACM}
}

@Book{Chapelle06,
  Title                    = {Assessing language through computer technology},
  Author                   = {Chapelle, Carol A and Douglas, Dan},
  Publisher                = {Ernst Klett Sprachen},
  Year                     = {2006}
}

@Unpublished{Molins15,
  Title                    = {Modelling expert' behavior with e-val{UAM} to measure computer science skills},
  Author                   = {Molins-Ruano, P. and Rodriguez, P. and Atrio, S and Sacha, G.M.},
  Note                     = {Enviado Computers \& Education},

  Month                    = {Mayo},
  Year                     = {2015},

  Timestamp                = {2015.05.25}
}

@Article{Ortigosa10,
  Title                    = {AH-questionnaire: An adaptive hierarchical questionnaire for learning styles},
  Author                   = {Ortigosa, Alvaro and Paredes, Pedro and Rodriguez, Pilar},
  Journal                  = {Computers \& Education},
  Year                     = {2010},
  Number                   = {4},
  Pages                    = {999--1005},
  Volume                   = {54},

  Publisher                = {Elsevier}
}

@Article{Revicki97,
  Title                    = {Health status assessment for the twenty-first century: item response theory, item banking and computer adaptive testing},
  Author                   = {Revicki, DA and Cella, DF},
  Journal                  = {Quality of Life Research},
  Year                     = {1997},
  Number                   = {6},
  Pages                    = {595--600},
  Volume                   = {6},

  Publisher                = {Springer}
}

@Book{Wainer00,
  Title                    = {Computer-Adaptive Testing: A Primer},
  Author                   = {Howard Wainer and Neil J. Dorans and Daniel Eignor and Ronald Flaugher and Bert F. Green and Robert J. Mislevy and Lynne Steinberg and David Thissen},
  Editor                   = {Routledge},
  Publisher                = {Lawrence Erlbaum Associates},
  Year                     = {2000},

  Address                  = {Mahwah, NJ, USA},

  ISBN                     = {9781135660826},
  Owner                    = {Guybrush},
  Timestamp                = {2015.05.06}
}

@article{Lord68,
	title={SOME TEST THEORY FOR TAILORED TESTING*},
	author={Lord, Frederic M},
	journal={ETS Research Bulletin Series},
	volume={1968},
	number={2},
	pages={i--62},
	year={1968},
	publisher={Wiley Online Library}
}

@article{Green83,
	title={The promise of tailored tests},
	author={Green, Bert F},
	journal={Principals of modern psychological measurement},
	pages={69--80},
	year={1983}
}

@article{Klinkenberg11,
  title={Computer adaptive practice of maths ability using a new item response model for on the fly ability and difficulty estimation},
  author={Klinkenberg, S and Straatemeier, M and Van der Maas, HLJ},
  journal={Computers \& Education},
  volume={57},
  number={2},
  pages={1813--1824},
  year={2011},
  publisher={Elsevier}
}

@article{Antal11,
  title={Student modeling for a web-based self-assessment system},
  author={Antal, Margit and Koncz, Szabolcs},
  journal={Expert Systems with Applications},
  volume={38},
  number={6},
  pages={6492--6497},
  year={2011},
  publisher={Elsevier}
}

@inproceedings{Molins14Test,
  title={Constructing quality test with e-valUAM},
  author={Molins-Ruano, P and Borrego-Gallardo, F and Sevilla, C and Jurado, F and Rodriguez, P and Sacha, GM},
  booktitle={Computers in Education (SIIE), 2014 International Symposium on},
  pages={195--200},
  year={2014},
  organization={IEEE}
}

@inproceedings{Galvez09,
  title={Student Knowledge Diagnosis Using Item Response Theory and Constraint-Based Modeling.},
  author={Galvez, Jaime and Guzman, Eduardo and Conejo, Ricardo and Millan, Eva},
  booktitle={AIED},
  pages={291--298},
  year={2009}
}

@article{Wainer83,
  title={On Item Response Theory and Computerized Adaptive Tests.},
  author={Wainer, Howard},
  journal={Journal of College Admissions},
  volume={27},
  number={4},
  pages={9--16},
  year={1983},
  publisher={ERIC}
}

@inproceedings{Kumar04,
  title={Using online tutors for learning-what do students think?},
  author={Kumar, Amruth N},
  booktitle={Frontiers in Education, 2004. FIE 2004. 34th Annual},
  pages={T3F--9},
  year={2004},
  organization={IEEE}
}

@article{Weber01,
  title={ELM-ART: An adaptive versatile system for Web-based instruction},
  author={Weber, Gerhard and Brusilovsky, Peter},
  journal={International Journal of Artificial Intelligence in Education (IJAIED)},
  volume={12},
  pages={351--384},
  year={2001}
}

@article{Triantafillou03,
  title={The design and the formative evaluation of an adaptive educational system based on cognitive styles},
  author={Triantafillou, Evangelos and Pomportsis, Andreas and Demetriadis, Stavros},
  journal={Computers \& Education},
  volume={41},
  number={1},
  pages={87--103},
  year={2003},
  publisher={Elsevier}
}

@incollection{Brusilovsky03,
  title={Developing adaptive educational hypermedia systems: From design models to authoring tools},
  author={Brusilovsky, Peter},
  booktitle={Authoring tools for advanced technology Learning Environments},
  pages={377--409},
  year={2003},
  publisher={Springer}
}


@article{Brusilovsky95,
  Author = {Brusilovsky, Peter and Held, Paul and Kugemann, Walter F},
  Journal = {Telematics for education and training},
  Pages = {252--255},
  Publisher = {IOS Press},
  Title = {Adaptive learning with WWW: The Moscow State University Project},
  Year = {1995}}

@inproceedings{Nakabayashi97,
  title={Architecture of an Intelligent Tutoring System on the WWW},
  author={Nakabayashi, Kiyoshi and Maruyama, Mina and Koike, Yoshimasa and Kato, Yasuhisa and Touhei, Hirofumi and Fukuhara, Yoshimi},
  booktitle={Proc. of},
  pages={39--46},
  year={1997}
}

@article{Brusilovsky99,
  title={Adaptive and intelligent technologies for web-based eduction},
  author={Brusilovsky, Peter},
  journal={KI},
  volume={13},
  number={4},
  pages={19--25},
  year={1999}
}

@article{Benyon93,
  title={Applying user modeling to human-computer interaction design},
  author={Benyon, David and Murray, Dianne},
  journal={Artificial Intelligence Review},
  volume={7},
  number={3-4},
  pages={199--225},
  year={1993},
  publisher={Springer}
}


@incollection{Brusilovsky98,
  Author = {Brusilovsky, Peter},
  Booktitle = {Adaptive hypertext and hypermedia},
  Pages = {1--43},
  Publisher = {Springer Netherlands},
  Title = {Methods and techniques of adaptive hypermedia},
  Year = {1998}}

@article{Conejo04,
	author = {Conejo, Ricardo and Guzm\'{a}n, Eduardo and Mill\'{a}n, Eva and Trella, M\'{o}nica and P{\'e}rez-De-La-Cruz, Jos{\'e} Luis and R\'{\i}os, Antonia},
	title = {SIETTE: A Web-Based Tool for Adaptive Testing},
	journal = {Int. J. Artif. Intell. Ed.},
	issue_date = {January 2004},
	volume = {14},
	number = {1},
	month = jan,
	year = {2004},
	issn = {1560-4292},
	pages = {29--61},
	numpages = {33},
	url = {http://dl.acm.org/citation.cfm?id=1434852.1434855},
	acmid = {1434855},
	publisher = {IOS Press},
	address = {Amsterdam, The Netherlands, The Netherlands},
} 

@inproceedings{Rios98,
	title={SIETTE: Intelligent evaluation system using tests for TeleEducation},
	author={Rios, A and P{\'e}rez de la Cruz, JL and Conejo, R},
	booktitle={Proc. of Workshop" WWW-Based Tutoring" at 4th International Conference on Intelligent Tutoring Systems, San Antonio, TX},
	year={1998}
}

@inproceedings{Conejo09,
	title={Collaborative assessment with SIETTE},
	author={Conejo, Ricardo and Barros, Beatriz and Guzman, Eduardo and Galvez, Jaime},
	booktitle={Proceedings of the 2009 conference on Artificial Intelligence in Education: Building Learning Systems that Care: From Knowledge Representation to Affective Modelling},
	pages={799--799},
	year={2009},
	organization={IOS Press}
}

@inproceedings{Trella08,
	title={Primary preschool experiences with computers in the classroom},
	author={Trella, M{\'o}nica and Barros, Beatriz and Conejo, Ricardo},
	booktitle={Advanced Learning Technologies, 2008. ICALT'08. Eighth IEEE International Conference on},
	pages={701--705},
	year={2008},
	organization={IEEE}
}

@online{SIETTEWiki,
	title = {{SIETTE Wiki}},
	url = {http://es.wiki.siette.org/index.php/P%C3%A1gina_principal},
	urldate = {2015-06-01}
}

@article{Conejo04,
	author = {Conejo, Ricardo and Guzm\'{a}n, Eduardo and Mill\'{a}n, Eva and Trella, M\'{o}nica and P{\'e}rez-De-La-Cruz, Jos{\'e} Luis and R\'{\i}os, Antonia},
	title = {SIETTE: A Web-Based Tool for Adaptive Testing},
	journal = {Int. J. Artif. Intell. Ed.},
	issue_date = {January 2004},
	volume = {14},
	number = {1},
	month = jan,
	year = {2004},
	issn = {1560-4292},
	pages = {29--61},
	numpages = {33},
	url = {http://dl.acm.org/citation.cfm?id=1434852.1434855},
	acmid = {1434855},
	publisher = {IOS Press},
	address = {Amsterdam, The Netherlands, The Netherlands},
} 